<?xml version="1.0" encoding="UTF-8"?><collection><record><leader>05363ntm a2200601 a 4500</leader><controlfield tag="001">006817686</controlfield><controlfield tag="003">MiAaHDL</controlfield><controlfield tag="005">20190719000000.0</controlfield><controlfield tag="006">m        d        </controlfield><controlfield tag="007">cr bn ---auaua</controlfield><controlfield tag="008">090611s1608    xx            00| ||ota d</controlfield><datafield tag="035" ind1=" " ind2=" "><subfield code="a">(MiU)006817686</subfield></datafield><datafield tag="035" ind1=" " ind2=" "><subfield code="a">sdr-miu006817686</subfield></datafield><datafield tag="040" ind1=" " ind2=" "><subfield code="a">MiU</subfield><subfield code="c">MiU</subfield><subfield code="e">amremm</subfield></datafield><datafield tag="041" ind1="0" ind2=" "><subfield code="a">ota</subfield></datafield><datafield tag="043" ind1=" " ind2=" "><subfield code="a">n-us-mi</subfield></datafield><datafield tag="100" ind1="0" ind2=" "><subfield code="6">880-01</subfield><subfield code="a">Abū al-Saʻūd Muḥammad ibn Muḥammad,</subfield><subfield code="d">1492 or 1493-1574 or 1575.</subfield></datafield><datafield tag="245" ind1="1" ind2="0"><subfield code="6">880-03</subfield><subfield code="a">Müftü-yü zemân Hoca Çelebi Ebussuud hazretlerinin risale-yi mübarekesi,</subfield><subfield code="f">[1017, i.e. 1608].</subfield></datafield><datafield tag="246" ind1="3" ind2=" "><subfield code="a">Müfti-yi zemân Hoca Çelebi Ebussuud hazretlerinin risale-yi mübarekesi</subfield></datafield><datafield tag="246" ind1="3" ind2=" "><subfield code="a">Hoca Çelebi risalesi</subfield></datafield><datafield tag="246" ind1="3" ind2=" "><subfield code="a">Hoca Çelebi mübarek risalesi</subfield></datafield><datafield tag="246" ind1="3" ind2=" "><subfield code="i">Title from inscription on upper board lining:</subfield><subfield code="a">رسالة خواجه چلبى ابي السعود</subfield></datafield><datafield tag="260" ind1=" " ind2=" "><subfield code="c">[1608].</subfield></datafield><datafield tag="300" ind1=" " ind2=" "><subfield code="a">36 leaves :</subfield><subfield code="b">paper ;</subfield><subfield code="c">210 x 139 (135 x 75) mm</subfield></datafield><datafield tag="500" ind1=" " ind2=" "><subfield code="a">Shelfmark: Ann Arbor, University of Michigan, Special Collections Library, Isl. Ms. 671</subfield></datafield><datafield tag="500" ind1=" " ind2=" "><subfield code="a">Origin: As appears in colophon on p.72, copied by Muḥammad Kamāl al-Dīn Ibn al-Kayyāl (Mehmet Kemalettin İbnül Keyyâl) with transcription completed in latter Rajab 1017 [November 1608].</subfield></datafield><datafield tag="500" ind1=" " ind2=" "><subfield code="a">Accompanying materials: a. Acquisitions slip from Yahuda -- b. Inventory cataloguing slip in hand of Winifred Smeaton Thomas.</subfield></datafield><datafield tag="500" ind1=" " ind2=" "><subfield code="a">Former shelfmark: From interior of upper cover and label on lower cover, "IL 137" (likely supplied by Yahuda, see acquisitions slip).</subfield></datafield><datafield tag="500" ind1=" " ind2=" "><subfield code="a">Binding: Pasteboards covered in shell marbled paper (mainly in blue and red) with red leather over spine and fore edge flap ; Type II binding (with flap) ; board linings in untinted wove paper ; sewn in white thread, two stations ; overall in fair condition with abrasion, lifting and losses of paper,lower board partially split, detaching at spine, etc.</subfield></datafield><datafield tag="500" ind1=" " ind2=" "><subfield code="a">Support: non-European (likely Persian or Indian) laid paper with 8-9 laid lines per cm. (vertical, fairly indistinct) and no chain lines visible, dense and sturdy, well-burnished ; some staining and tide lines, nibbled around edges.</subfield></datafield><datafield tag="500" ind1=" " ind2=" "><subfield code="a">Decoration: Headings and keywords rubricated ; textual dividers in the form of red discs.</subfield></datafield><datafield tag="500" ind1=" " ind2=" "><subfield code="a">Script: Naskh ; elegant Ottoman hand ; partially but irregularly seriffed with small right-sloping head-serif on occasional lām or joined alif, effect of tilt to the left, curvilinear descenders, mainly bold sweeping shaqq on kāf but occasionally represented by vertical stroke with miniature kāf seated above it, pointing in distinct dots.</subfield></datafield><datafield tag="500" ind1=" " ind2=" "><subfield code="a">Layout: Written in 13 lines per page.</subfield></datafield><datafield tag="500" ind1=" " ind2=" "><subfield code="a">Dedication: At the request of the grand vezir Ali Paşa (see heading at opening on p.2) "مفتئ زمان خواجه چلبى ابو السعود حضرتلرينك رساله مباركه سيدر كه مرحوم وزير اعظم على پاشا يسر الله له في الدارين ما يشا التماس ايدوب اكا ارسال ايتدوكيدر"</subfield></datafield><datafield tag="500" ind1=" " ind2=" "><subfield code="a">Collation: 3 V (30), V-4 (36) ; chiefly quinions ; catchwords present ; pagination in pencil, Western numerals, supplied during digitization.</subfield></datafield><datafield tag="500" ind1=" " ind2=" "><subfield code="a">Colophon: "Scribal," reads "تمت الرساله بحمد الله وعونه وحسن توفيقه في اواخر شهر رجب من شهور سنه سبعة عشر والف على يد الراجى عفو ربه محمد كمال الدين بن الكيال عفى عنه"</subfield></datafield><datafield tag="500" ind1=" " ind2=" "><subfield code="a">Explicit: "كمسه باباسنوك واناسنوك حقلرينى اوده مش كبى اولور وعهدلرندن قورتلمش اولور"</subfield></datafield><datafield tag="500" ind1=" " ind2=" "><subfield code="a">Incipit: "حمد وسباس وستايش بى قياس اول سامع الاصوات ومجيب الدعوات حضرتنه اولسون كم انك رحمت عميمه سى جميع عباده حاصل ونعمت جسيمه سى مطيع واهل عناده واصل در ..."</subfield></datafield><datafield tag="500" ind1=" " ind2=" "><subfield code="a">Title from heading at opening on p.2.</subfield></datafield><datafield tag="500" ind1=" " ind2=" "><subfield code="a">Ms. codex.</subfield></datafield><datafield tag="510" ind1="4" ind2=" "><subfield code="a">Brockelmann, C. GAL,</subfield><subfield code="c">S II 651 ; II 438-9</subfield></datafield><datafield tag="520" ind1="8" ind2=" "><subfield code="a">Elegant copy of brief treatise attributed to Abū al-Suʻūd al-ʻImādī (Hoca Çelebi, Mehmet Ebussuud [Ebusuud, Ebu's-suûd] Efendi, d.1574).</subfield></datafield><datafield tag="538" ind1=" " ind2=" "><subfield code="a">Mode of access: Internet.</subfield></datafield><datafield tag="541" ind1=" " ind2=" "><subfield code="a">Acquired in 1926 from the bookseller Isaac Benjamin S.E. Yahuda via purchase transacted on his behalf by his younger brother, the famous Orientalist and manuscript collector Abraham Shalom Yahuda (1877-1951).</subfield></datafield><datafield tag="546" ind1=" " ind2=" "><subfield code="a">Ottoman Turkish.</subfield></datafield><datafield tag="561" ind1=" " ind2=" "><subfield code="a">Numerous glosses (mainly by the author, "minhīyāt" marked "منه رحمه الله") ; occasional notabilia (side-heads), some rubricated.</subfield></datafield><datafield tag="650" ind1=" " ind2="0"><subfield code="a">Manuscripts, Turkish</subfield><subfield code="z">Michigan</subfield><subfield code="z">Ann Arbor.</subfield></datafield><datafield tag="650" ind1=" " ind2="0"><subfield code="a">Islam</subfield><subfield code="x">Doctrines</subfield><subfield code="v">Early works to 1800.</subfield></datafield><datafield tag="700" ind1="0" ind2=" "><subfield code="6">880-05</subfield><subfield code="a">Muḥammad Kamāl al-Dīn Ibn al-Kayyāl,</subfield><subfield code="d">fl. 1608,</subfield><subfield code="e">scribe.</subfield></datafield><datafield tag="773" ind1="0" ind2=" "><subfield code="a">Yahuda Collection.</subfield></datafield><datafield tag="880" ind1="0" ind2=" "><subfield code="6">700-05/</subfield><subfield code="a">محمد كمال الدين ابن الكيال,</subfield><subfield code="e">ناسخ.</subfield></datafield><datafield tag="880" ind1="1" ind2="0"><subfield code="6">245-03/</subfield><subfield code="a">مفتئ زمان خواجه چلبى ابو السعود حضرتلرينك رساله مباركه سى,</subfield><subfield code="f">[1017ه، 1608م]</subfield></datafield><datafield tag="880" ind1="0" ind2=" "><subfield code="6">100-01/</subfield><subfield code="a">ابو السعود محمد بن محمد.</subfield></datafield><datafield tag="CID" ind1=" " ind2=" "><subfield code="a">006817686</subfield></datafield><datafield tag="DAT" ind1="0" ind2=" "><subfield code="a">20190719102639.0</subfield><subfield code="b">20190719000000.0</subfield></datafield><datafield tag="DAT" ind1="1" ind2=" "><subfield code="a">20190719090653.0</subfield><subfield code="b">2019-07-19T16:11:58Z</subfield></datafield><datafield tag="DAT" ind1="2" ind2=" "><subfield code="a">2015-10-02T18:00:03Z</subfield></datafield><datafield tag="CAT" ind1=" " ind2=" "><subfield code="a">SDR-MIU</subfield><subfield code="d">EX LIBRIS - ALEPH</subfield><subfield code="l">prepare.pl-004-008</subfield></datafield><datafield tag="FMT" ind1=" " ind2=" "><subfield code="a">BK</subfield></datafield><datafield tag="HOL" ind1=" " ind2=" "><subfield code="0">sdr-miu006817686</subfield><subfield code="a">MiU</subfield><subfield code="b">SDR</subfield><subfield code="c">MIU</subfield><subfield code="p">mdp.39015079129683</subfield><subfield code="s">MIU</subfield><subfield code="1">006817686</subfield></datafield><datafield tag="974" ind1=" " ind2=" "><subfield code="b">MIU</subfield><subfield code="c">MIU</subfield><subfield code="d">20190719</subfield><subfield code="s">lit-dlps-dc</subfield><subfield code="u">mdp.39015079129683</subfield><subfield code="y">1608</subfield><subfield code="r">pd</subfield><subfield code="q">bib</subfield><subfield code="t">non-US bib date1 &lt; 1879</subfield></datafield></record></collection>